<record><leader>00000cas a22000007a 4500</leader><controlfield tag="001">13912998</controlfield><controlfield tag="008">860722d1892190utxuwr ne      0    0eng d</controlfield><datafield ind1=" " ind2=" " tag="010"><subfield code="a">sn 86088010 </subfield></datafield><datafield ind1=" " ind2=" " tag="040"><subfield code="a">PPM</subfield><subfield code="b">eng</subfield><subfield code="c">PPM</subfield><subfield code="d">OCLCQ</subfield></datafield><datafield ind1=" " ind2=" " tag="042"><subfield code="a">msc</subfield></datafield><datafield ind1="0" ind2="4" tag="245"><subfield code="a">The Stephenville tribune.</subfield></datafield><datafield ind1=" " ind2=" " tag="260"><subfield code="a">Stephenville, Tex. :</subfield><subfield code="b">W.H. Morris and Frank Leonard</subfield></datafield><datafield ind1=" " ind2=" " tag="300"><subfield code="a">v. :</subfield><subfield code="b">ill. ;</subfield><subfield code="c">33 cm.</subfield></datafield><datafield ind1=" " ind2=" " tag="310"><subfield code="a">Weekly</subfield></datafield><datafield ind1="1" ind2=" " tag="362"><subfield code="a">Began in 1892?</subfield></datafield><datafield ind1=" " ind2=" " tag="500"><subfield code="a">Publisher: A.H. Miller &amp; Co. &lt;1905&gt;.</subfield></datafield><datafield ind1=" " ind2=" " tag="588"><subfield code="a">Description based on: Vol. 3, no. 21 (July 24, 1896).</subfield></datafield><datafield ind1=" " ind2=" " tag="752"><subfield code="a">United States</subfield><subfield code="b">Texas</subfield><subfield code="c">Erath</subfield><subfield code="d">Stephenville.</subfield></datafield><datafield ind1="0" ind2="0" tag="785"><subfield code="t">Tribune (Stephenville, Tex.)</subfield><subfield code="w">(DLC)sn 86090346</subfield></datafield></record>